<?xml version="1.0" encoding="UTF-8"?><collection xmlns="http://www.loc.gov/MARC21/slim"><record><leader>00388nam--2200133-i-4500</leader><controlfield tag="001">000014769</controlfield><controlfield tag="002">20161230</controlfield><controlfield tag="005">20161230201031</controlfield><controlfield tag="008">060222s1000------------r-----000-0-eng-d</controlfield><datafield ind1=" " ind2=" " tag="080"><subfield code="a">165.0:007:001.5</subfield></datafield><datafield ind1=" " ind2=" " tag="100"><subfield code="a">Apostol, Pavel</subfield></datafield><datafield ind1=" " ind2=" " tag="245"><subfield code="a">Cibernetica, cunoastere, actiune. contributii la metodologia  actiuni, cunoastere</subfield></datafield><datafield ind1=" " ind2=" " tag="260"><subfield code="a">Bucuresti, Editura Politica, 1969 264 P</subfield></datafield><datafield ind1=" " ind2=" " tag="852"><subfield code="a">75279</subfield></datafield></record></collection>